<record><leader>00000cas a22000007a 4500</leader><controlfield tag="001">25902247</controlfield><controlfield tag="008">920528d19201922wyuwr ne      0    0eng d</controlfield><datafield ind1=" " ind2=" " tag="010"><subfield code="a">sn 92067050 </subfield></datafield><datafield ind1=" " ind2=" " tag="040"><subfield code="a">NVO</subfield><subfield code="b">eng</subfield><subfield code="c">NVO</subfield><subfield code="d">OCLCQ</subfield></datafield><datafield ind1=" " ind2=" " tag="042"><subfield code="a">msc</subfield></datafield><datafield ind1="0" ind2="0" tag="245"><subfield code="a">Colony weekly news.</subfield></datafield><datafield ind1=" " ind2=" " tag="260"><subfield code="a">Colony, Crook County, Wyo. :</subfield><subfield code="b">R.M. Nicolson</subfield></datafield><datafield ind1=" " ind2=" " tag="300"><subfield code="a">v.</subfield></datafield><datafield ind1=" " ind2=" " tag="310"><subfield code="a">Weekly</subfield></datafield><datafield ind1="0" ind2=" " tag="362"><subfield code="a">Vol. 1, no. 1 (July 7, 1920)-v. 2, no. 52 (June 28, 1922).</subfield></datafield><datafield ind1=" " ind2="4" tag="651"><subfield code="a">Colony (Wyo.)</subfield><subfield code="v">Newspapers.</subfield></datafield><datafield ind1=" " ind2="4" tag="651"><subfield code="a">Crook County (Wyo.)</subfield><subfield code="v">Newspapers.</subfield></datafield><datafield ind1=" " ind2="4" tag="651"><subfield code="a">Alzada (Mont.)</subfield><subfield code="v">Newspapers.</subfield></datafield><datafield ind1=" " ind2="4" tag="651"><subfield code="a">Belle Fourche (S.D.)</subfield><subfield code="v">Newspapers.</subfield></datafield><datafield ind1=" " ind2=" " tag="752"><subfield code="a">United States</subfield><subfield code="b">Wyoming</subfield><subfield code="c">Crook</subfield><subfield code="d">Colony.</subfield></datafield><datafield ind1="0" ind2="0" tag="785"><subfield code="t">Colony news (Colony, Wyo.)</subfield><subfield code="w">(DLC)sn 92067055</subfield></datafield></record>